% This file was created with JabRef 2.10.
% Encoding: Cp1252

@Article{Aghion2009,
  Title                    = {Exchange Rate Volatility and Productivity Growth: The Role of Financial Development},
  Author                   = {Aghion, P. and Bacchetta, P. and Ranciere, R. and Rogoff, K.},
  Journal                  = {Journal of Monetary Economics},
  Year                     = {2009},
  Number                   = {4},
  Pages                    = {494-513},
  Volume                   = {56},

}

@Article{Ai2003,
  Title                    = {Efficient Estimation of Models with Conditional Moment Restrictions Containing Unknown Functions},
  Author                   = {Ai, Chunrong and Chen, Xiaohong},
  Journal                  = {Econometrica},
  Year                     = {2003},
  Number                   = {6},
  Pages                    = {1795--1843},
  Volume                   = {71},

  Publisher                = {Wiley Online Library}
}

@InProceedings{Akaike1973,
  Title                    = {Information Theory and an Extension of the Maximum Likelihood Principle},
  Author                   = {Akaike, H.},
  Booktitle                = {Second International Symposium on Information Theory},
  Year                     = {1973},
  Editor                   = {Petroc, B. and Csake, F.},
  Pages                    = {267--281},
  Publisher                = {Akademiai Kiado}
}

@Article{Andrews2011,
  Title                    = {Examples of $L^{2}$-Complete and Boundedly-Complete Distributions},
  Author                   = {Andrews, Donald Wilfrid Kao},
  Journal                  = {Cowles Foundation for Research in Economics},
  Year                     = {2011}
}

@Article{Andrews1999,
  Title                    = {Consistent Moment Selection Procedures for Generalized Method of Moments Estimation},
  Author                   = {Andrews, Donald Wilfrid Kao},
  Journal                  = {Econometrica},
  Year                     = {1999},
  Number                   = {3},
  Pages                    = {543--563},
  Volume                   = {67},

  Publisher                = {Wiley Online Library}
}

@Article{Andrews1991ecnmt,
  Title                    = {Heteroskedasticity and Autocorrelation Consistent Covariance Matrix Estimation},
  Author                   = {Andrews, Donald Wilfrid Kao},
  Journal                  = {Econometrica},
  Year                     = {1991},
  Pages                    = {817--858},
  Volume                   = {59},

  Publisher                = {JSTOR}
}

@Article{Andrews1991joe,
  Title                    = {Asymptotic Optimality of Generalized $C_L$, Cross-Validation, and Generalized Cross-Validation in Regression with Heteroskedastic Errors},
  Author                   = {Andrews, Donald Wilfrid Kao},
  Journal                  = {Journal of Econometrics},
  Year                     = {1991},
  Pages                    = {359--377},
  Volume                   = {47},

  Publisher                = {Elsevier}
}

@Article{Andrews2001,
  Title                    = {Consistent Model and Moment Selection Procedures for GMM Estimation with Application to Dynamic Panel Data Models},
  Author                   = {Andrews, Donald Wilfrid Kao and Lu, Biao},
  Journal                  = {Journal of Econometrics},
  Year                     = {2001},
  Number                   = {1},
  Pages                    = {123--164},
  Volume                   = {101},

  Publisher                = {Elsevier}
}

@Article{Angrist1999,
  Title                    = {Using Maimonides' Rule to Estimate the Effect of Class Size on Scholastic Achievement},
  Author                   = {Angrist, Joshua D and Lavy, Victor},
  Journal                  = {The Quarterly Journal of Economics},
  Year                     = {1999},
  Number                   = {2},
  Pages                    = {533--575},
  Volume                   = {114},

  Publisher                = {MIT Press}
}

@Article{Bai2009,
  Title                    = {Panel Data Models with Interactive Fixed Effects},
  Author                   = {Bai, Jushan},
  Journal                  = {Econometrica},
  Year                     = {2009},
  Number                   = {4},
  Pages                    = {1229--1279},
  Volume                   = {77},

  Publisher                = {Wiley Online Library}
}

@Book{Bai2008,
  Title                    = {Large Dimensional Factor Analysis},
  Author                   = {Bai, Jushan and Ng, Serena},
  Publisher                = {Now Publishers Inc},
  Year                     = {2008}
}

@Article{Bai2007,
  Title                    = {Determining the Number of Primitive Shocks in Factor Models},
  Author                   = {Bai, Jushan and Ng, Serena},
  Journal                  = {Journal of Business and Economic Statistics},
  Year                     = {2007},
  Pages                    = {52-60},
  Volume                   = {25},

}

@Article{Bai2002,
  Title                    = {Determining the Number of Factors in Approximate Factor Models},
  Author                   = {Bai, Jushan and Ng, Serena},
  Journal                  = {Econometrica},
  Year                     = {2002},
  Number                   = {1},
  Pages                    = {191--221},
  Volume                   = {70},

  Publisher                = {Wiley Online Library}
}

@Article{Bates1969,
  Title                    = {The Combination of Forecasts},
  Author                   = {Bates, J. M. and Granger, C. W. J.},
  Journal                  = {Operational Research Quarterly},
  Year                     = {1969},
  Number                   = {4},
  Pages                    = {451--468},
  Volume                   = {20},

  Publisher                = {JSTOR}
}

@Article{Behl2014,
  Title                    = {Focused Model Selection in Quantile Regression},
  Author                   = {Behl, Peter and Claeskens, Gerda and Dette, Holger},
  Journal                  = {Statistica Sinica},
  Year                     = {2014},
  Pages                    = {601--624},
  Volume                   = {24}
}

@Article{Belloni2012,
  Title                    = {Sparse Models and Methods for Optimal Instruments with an Application to Eminent Domain},
  Author                   = {Belloni, Alexandre and Chen, Daniel and Chernozhukov, Victor and Hansen, Christian},
  Journal                  = {Econometrica},
  Year                     = {2012},
  Number                   = {6},
  Pages                    = {2369--2429},
  Volume                   = {80},

  Publisher                = {Wiley Online Library}
}

@Article{Blattman2007,
  Title                    = {Losers in the Commodity Lottery: The Impact of Terms of Trade Growth and Volatility in the Periphery},
  Author                   = {Blattman, C. and Hwang, J. and Williamson, J. G.},
  Journal                  = {Journal of Development Economics},
  Year                     = {2007},
  Number                   = {1},
  Pages                    = {156-–179},
  Volume                   = {82},

  Publisher                = {Elsevier}
}

@Article{Bleaney2001,
  Title                    = {The Impact of Terms of Trade and Real Exchange Rate Volatility on Investment and Growth in Sub-Saharan Africa},
  Author                   = {Bleaney, M. and Greenaway, D.},
  Journal                  = {Journal of Development Economics},
  Year                     = {2001},
  Number                   = {2},
  Pages                    = {491–-500},
  Volume                   = {65},

  Publisher                = {Elsevier}
}

@Article{Blundell2007,
  Title                    = {Semi-Nonparametric IV Estimation of Shape-Invariant Engel Curves},
  Author                   = {Blundell, Richard and Chen, Xiaohong and Kristensen, Dennis},
  Journal                  = {Econometrica},
  Year                     = {2007},
  Number                   = {6},
  Pages                    = {1613--1669},
  Volume                   = {75},

  Publisher                = {Wiley Online Library}
}

@Article{Breiman1996,
  Title                    = {Bagging Predictors},
  Author                   = {Breiman, Leo},
  Journal                  = {Machine learning},
  Year                     = {1996},
  Number                   = {2},
  Pages                    = {123--140},
  Volume                   = {24},

  Publisher                = {Springer}
}

@Article{Breunig2015,
  Title                    = {Adaptive Estimation of Functionals in Nonparametric Instrumental Regression},
  Author                   = {Breunig, Christoph and Johannes, Jan},
  Journal                  = {Econometric Theory},
  Year                     = {2015},

  Month                    = {12},
  Pages                    = {1--43},
  Volume                   = {FirstView},

  ISSN                     = {1469-4360},
  Numpages                 = {43}
}

@Article{Bruno2005,
  Title                    = {Approximating the Bias of the LSDV Estimator for Dynamic Unbalanced Panel Data Models},
  Author                   = {Buckland, S. T. and Burnham, K. P. and Augustin, N. H.},
  Journal                  = {Economics Letters},
  Year                     = {2005},
  Number                   = {3},
  Pages                    = {361–-366},
  Volume                   = {87},

  Publisher                = {Elsevier}
}

@Article{Buckland1997,
  Title                    = {Model Selection: An Integral Part of Inference},
  Author                   = {Buckland, S. T. and Burnham, K. P. and Augustin, N. H.},
  Journal                  = {Biometrics},
  Year                     = {1997},
  Pages                    = {603--618},
  Volume                   = {53},

  Publisher                = {JSTOR}
}

@Article{Bun2006,
  Title                    = {Bias-corrected Estimation in Dynamic Panel Data Models with Heteroscedasticity},
  Author                   = {Bun, M. J. and Carree, M. A.},
  Journal                  = {Economics Letters},
  Year                     = {2006},
  Number                   = {2},
  Pages                    = {220--227},
  Volume                   = {92},

  Publisher                = {Elsevier}
}

@Article{Bun2005,
  Title                    = {Bias-corrected Estimation in Dynamic Panel Data Models},
  Author                   = {Bun, M. J. G. and Carree, M. A.},
  Journal                  = {Journal of Business \& Economic Statistics},
  Year                     = {2005},
  Number                   = {2},
  Pages                    = {200-210},
  Volume                   = {23},

  Publisher                = {Taylor and Francis Online}
}

@Article{Bun2003a,
  Title                    = {Bias Correction in the Dynamic Panel Data Model with a Nonscalar Disturbance Covariance Matrix},
  Author                   = {Bun, M. J. G.},
  Journal                  = {Econometric Reviews},
  Year                     = {2003},
  Number                   = {1},
  Pages                    = {29-58},
  Volume                   = {22},

  Publisher                = {Taylor and Francis Online}
}

@Article{Bun2003b,
  Title                    = {On the Diminishing Returns of Higher-order Terms in Asymptotic Expansions of Bias},
  Author                   = {Bun, M. J. and Kiviet, J. F.},
  Journal                  = {Economics Letters},
  Year                     = {2003},
  Number                   = {2},
  Pages                    = {145-152},
  Volume                   = {79},

  Publisher                = {Elsevier}
}

@Book{Burnham2002,
  Title                    = {Model Selection and Multimodel Inference: A Practical Information-Theoretic Approach},
  Author                   = {Burnham, K. P. and Anderson, D. R.},
  Publisher                = {Springer Verlag},
  Year                     = {2002}
}

@Article{Campbell2008,
  Title                    = {Predicting Excess Stock Returns Out of Sample: Can Anything Beat the Historical Average?},
  Author                   = {Campbell, J. Y. and Thompson, S. B.},
  Journal                  = {Review of Financial Studies},
  Year                     = {2008},
  Number                   = {4},
  Pages                    = {1509--1531},
  Volume                   = {21},

  Publisher                = {Soc Financial Studies}
}

@Article{Carrasco2012,
  Title                    = {A Regularization Approach to the Many Instruments Problem},
  Author                   = {Carrasco, Marine},
  Journal                  = {Journal of Econometrics},
  Year                     = {2012},
  Number                   = {2},
  Pages                    = {383--398},
  Volume                   = {170},

  Publisher                = {Elsevier}
}

@InCollection{Carrasco2007,
  Title                    = {Linear Inverse Problems in Structural Econometrics Estimation Based on Spectral Decomposition and Regularization},
  Author                   = {Carrasco, Marine and Florens, Jean-Pierre and Renault, Eric},
  Booktitle                = {Handbook of Econometrics},
  Publisher                = {Elsevier},
  Year                     = {2007},
  Editor                   = {James J. Heckman and Edward E. Leamer},
  Pages                    = {5633-5751},
  Volume                   = {6}
}

@Article{Cavalcanti2015,
  Title                    = {Commodity Price Volatility and the Sources of Growth},
  Author                   = {Cavalcanti, D. V. and Tiago, V. and Mohaddes, K. and Raissi, M.},
  Journal                  = {Journal of Applied Econometrics},
  Year                     = {2015},
  Number                   = {6},
  Pages                    = {857-873},
  Volume                   = {30},

  Publisher                = {Wiley Online Library}
}

@Article{Centorrino2015,
  Title                    = {Data Driven Selection of the Regularization Parameter in Additive Nonparametric Instrumental Regressions},
  Author                   = {Centorrino, Samuele},
  Journal                  = {{\upshape Working Paper}},
  Year                     = {2015}
}

@Article{Centorrino2015jem,
  Title                    = {Additive Nonparametric Instrumental Regressions: A Guide to Implementation},
  Author                   = {Centorrino, Samuele and Feve, Frederique and Florens, Jean-Pierre},
  Journal                  = {{\upshape Forthcoming.} Journal of Econometric Methods},
  Year                     = {2015}
}

@InProceedings{Chen2007,
  Title                    = {Large Sample Sieve Estimation of Semi-Nonparametric Models},
  Author                   = {Chen, Xiaohong},
  Booktitle                = {Handbook of Econometrics},
  Year                     = {2007},
  Editor                   = {J.J. Heckman and E.E. Leamer},
  Pages                    = {5549--5632},
  Publisher                = {Elsevier},
  Volume                   = {6},

  Journal                  = {Handbook of Econometrics}
}

@Article{Chen2014,
  Title                    = {Local Identification of Nonparametric and Semiparametric Models},
  Author                   = {Chen, Xiaohong and Chernozhukov, Victor and Lee, Sokbae and Newey, Whitney K},
  Journal                  = {Econometrica},
  Year                     = {2014},
  Number                   = {2},
  Pages                    = {785--809},
  Volume                   = {82},

  Publisher                = {Wiley Online Library}
}

@Article{Chen2015,
  Title                    = {Optimal Sup-norm Rates, Adaptivity and Inference in Nonparametric Instrumental Variables Estimation},
  Author                   = {Chen, Xiaohong and Christensen, Timothy},
  Journal                  = {{\upshape Cemmap Working Paper CWP 32/15}},
  Year                     = {2015}
}

@Article{Chen2013,
  Title                    = {Optimal Uniform Convergence Rates for Sieve Nonparametric Instrumental Variables Regression},
  Author                   = {Chen, Xiaohong and Christensen, Timothy},
  Journal                  = {{\upshape Cemmap Working Paper CWP 56/13}},
  Year                     = {2013}
}

@Article{Chen2012,
  Title                    = {Estimation of Nonparametric Conditional Moment Models with Possibly Nonsmooth Generalized Residuals},
  Author                   = {Chen, Xiaohong and Pouzo, Demian},
  Journal                  = {Econometrica},
  Year                     = {2012},
  Number                   = {1},
  Pages                    = {277--321},
  Volume                   = {80},

  Publisher                = {Wiley Online Library}
}

@Article{Chen2011,
  Title                    = {On Rate Optimality for Ill-Posed Inverse Problems in Econometrics},
  Author                   = {Chen, Xiaohong and Reiss, Markus},
  Journal                  = {Econometric Theory},
  Year                     = {2011},
  Number                   = {03},
  Pages                    = {497--521},
  Volume                   = {27},

  Publisher                = {Cambridge Univ Press}
}

@Article{Cheng2007,
  Title                    = {Reducing Variance in Univariate Smoothing},
  Author                   = {Cheng, M.-Y. and Peng, L. and Wu, J.-S.},
  Journal                  = {The Annals of Statistics},
  Year                     = {2007},
  Number                   = {2},
  Pages                    = {522--542},
  Volume                   = {35},

  Publisher                = {Institute of Mathematical Statistics}
}

@Article{Cheng2015,
  Title                    = {Forecasting with Factor-Augmented Regression: A Frequentist Model Averaging Approach},
  Author                   = {Cheng, Xu and Hansen, Bruce E},
  Journal                  = {Journal of Econometrics},
  Year                     = {2015},
  Number                   = {2},
  Pages                    = {280--293},
  Volume                   = {186},

  Publisher                = {Elsevier}
}

@Article{Chernozhukov2007,
  Title                    = {Instrumental Variable Estimation of Nonseparable Models},
  Author                   = {Chernozhukov, Victor and Imbens, Guido W and Newey, Whitney K},
  Journal                  = {Journal of Econometrics},
  Year                     = {2007},
  Number                   = {1},
  Pages                    = {4--14},
  Volume                   = {139},

  Publisher                = {Elsevier}
}

@Article{Choi1998,
  Title                    = {On Bias Reduction in Local Linear Smoothing},
  Author                   = {Choi, E. and Hall, P.},
  Journal                  = {Biometrika},
  Year                     = {1998},
  Number                   = {2},
  Pages                    = {333--345},
  Volume                   = {85},

  Publisher                = {Biometrika Trust}
}

@Article{Chudik2016,
  Title                    = {Half-panel Jackknife Fixed Effects Estimation of Panels with Weakly Exogenous Regressors},
  Author                   = {Chudik, Alexander and Pesaran, M. Hashem and Yang, Jui-Chung},
  Year                     = {2016},
  Journal                  = {{\upshape Working Paper}},
}

@Article{Chudik2015,
  Title                    = {Common Correlated Effects Estimation of Heterogeneous Dynamic Panel Data Models with Weakly Exogenous Regressors },
  Author                   = {Alexander Chudik and M. Hashem Pesaran},
  Journal                  = {Journal of Econometrics},
  Year                     = {2015},
  Number                   = {2},
  Pages                    = {393 - 420},
  Volume                   = {188},

  ISSN                     = {0304-4076},
  Keywords                 = {Large panels}
}

@Article{Chudik2013,
  Title                    = {Debt, Inflation and Growth: Robust Estimation of Long-run Effects in Dynamic Panel Data Models},
  Author                   = {Chudik, A. and Mohaddes, K. and Pesaran, M. H. and Raissi, M.},
  Journal                  = {Working Paper},
  Year                     = {2013},
  Number                   = {162},
  Publisher                = {Federal Reserve Bank of Dallas, Globalization and Monetary Policy Institute},
}

@Article{Chudik2011,
  Title                    = {Weak and Strong Cross-Section Dependence and Estimation of Large Panels},
  Author                   = {Chudik, Alexander and Pesaran, M. Hashem and Tosetti, Elisa},
  Journal                  = {The Econometrics Journal},
  Year                     = {2011},
  Number                   = {1},
  Pages                    = {C45--C90},
  Volume                   = {14},

  ISSN                     = {1368-423X},
  Keywords                 = {Common correlated effects (CCE) estimator, Panels, Strong and weak cross-section dependence, Weak and strong factors},
  Publisher                = {Blackwell Publishing Ltd}
}

@Article{Claeskens2007,
  Title                    = {An Asymptotic Theory for Model Selection Inference in General Semiparametric Problems},
  Author                   = {Claeskens, Gerda and Carroll, Raymond J},
  Journal                  = {Biometrika},
  Year                     = {2007},
  Number                   = {2},
  Pages                    = {249--265},
  Volume                   = {94},

  Publisher                = {Biometrika Trust}
}

@Book{Claeskens2008,
  Title                    = {Model Selection and Model Averaging},
  Author                   = {Claeskens, G. and Hjort, Nils Lid},
  Publisher                = {Cambridge: Cambridge University Press},
  Year                     = {2008},

  Journal                  = {Cambridge Books}
}

@Article{Claeskens2008ET,
  Title                    = {Minimizing Average Risk in Regression Models},
  Author                   = {Claeskens, Gerda and Hjort, Nils Lid},
  Journal                  = {Econometric Theory},
  Year                     = {2008},

  Month                    = {4},
  Number                   = {02},
  Pages                    = {493--527},
  Volume                   = {24}
}

@Article{Claeskens2003,
  Title                    = {The Focused Information Criterion},
  Author                   = {Claeskens, Gerda and Hjort, Nils Lid},
  Journal                  = {Journal of the American Statistical Association},
  Year                     = {2003},
  Number                   = {464},
  Pages                    = {900--916},
  Volume                   = {98},

  Publisher                = {Taylor \& Francis}
}

@Article{Clark2007,
  Title                    = {Approximately Normal Tests for Equal Predictive Accuracy in Nested Models},
  Author                   = {Clark, T. E. and West, K. D.},
  Journal                  = {Journal of Econometrics},
  Year                     = {2007},
  Number                   = {1},
  Pages                    = {291--311},
  Volume                   = {138},

  Publisher                = {Elsevier}
}

@Article{Clemen1989,
  Title                    = {Combining Forecasts: A Review and Annotated Bibliography},
  Author                   = {Clemen, R. T.},
  Journal                  = {International Journal of Forecasting},
  Year                     = {1989},
  Number                   = {4},
  Pages                    = {559--583},
  Volume                   = {5},

  Publisher                = {Elsevier}
}

@Article{Cleveland1979,
  Title                    = {Robust Locally Weighted Regression and Smoothing Scatterplots},
  Author                   = {Cleveland, W. S.},
  Journal                  = {Journal of the American Statistical Association},
  Year                     = {1979},
  Pages                    = {829--836},
  Volume                   = {74},

  Publisher                = {JSTOR}
}

@Article{Crespo2007,
  Title                    = {Nonlinearities in Cross-Country Growth Regressions: A Bayesian Averaging of Thresholds (BAT) Approach},
  Author                   = {Crespo Cuaresma, Jesus and Doppelhofer, Gernot},
  Journal                  = {Journal of Macroeconomics},
  Year                     = {2007},
  Number                   = {3},
  Pages                    = {541--554},
  Volume                   = {29},

  Publisher                = {Elsevier}
}

@Article{D'Haultfoeuille2011,
  Title                    = {On the Completeness Condition in Nonparametric Instrumental Problems},
  Author                   = {D'Haultfoeuille, Xavier},
  Journal                  = {Econometric Theory},
  Year                     = {2011},
  Number                   = {03},
  Pages                    = {460--471},
  Volume                   = {27},

  Publisher                = {Cambridge Univ Press}
}

@Article{Darolles2011,
  Title                    = {Nonparametric Instrumental Regression},
  Author                   = {Darolles, Serge and Fan, Yanqin and Florens, Jean-Pierre and Renault, Eric},
  Journal                  = {Econometrica},
  Year                     = {2011},
  Number                   = {5},
  Pages                    = {1541--1565},
  Volume                   = {79},

  Publisher                = {Wiley Online Library}
}
@Article{Dhaene2015,
  Title                    = {Split-panel Jackknife Estimation of Fixed-effect Models.},
  Author                   = {Dhaene, Geert, and Jochmans Koen},
  Journal                  = {The Review of Economic Studies },
  Year                     = {2015},
  Number                   = {3},
  Pages                    = {991--1030},
  Volume                   = {82},

 }
@Article{Dhaene2016,
  Title                    = {Likelihood Inference in an Autoregression with Fixed Effects},
  Author                   = {Dhaene, Geert, and Jochmans Koen},
  Journal                  = {Econometric Theory },
  Year                     = {2016},
  Number                   = {5},
  Pages                    = {1178–-1215},
  Volume                   = {32},

  Publisher                = {Cambridge Univ Press}
}

@Article{Ditraglia2013,
  Title                    = {Using Invalid Instruments on Purpose: Focused Moment Selection and Averaging for GMM},
  Author                   = {DiTraglia, F. J.},
  Journal                  = {{\upshape Working Paper, University of Pennsylvania}},
  Year                     = {2014}
}

@Article{Donald2009,
  Title                    = {Choosing Instrumental Variables in Conditional Moment Restriction Models},
  Author                   = {Donald, Stephen G and Imbens, Guido W and Newey, Whitney K},
  Journal                  = {Journal of Econometrics},
  Year                     = {2009},
  Number                   = {1},
  Pages                    = {28--36},
  Volume                   = {152},

  Publisher                = {Elsevier}
}

@Article{Donald2001,
  Title                    = {Choosing the Number of Instruments},
  Author                   = {Donald, Stephen G and Newey, Whitney K},
  Journal                  = {Econometrica},
  Year                     = {2001},
  Number                   = {5},
  Pages                    = {1161--1191},
  Volume                   = {69},

  Publisher                = {Wiley Online Library}
}

@Article{Durlauf2008,
  Title                    = {Are Any Growth Theories Robust?},
  Author                   = {Durlauf, S. N. and Kourtellos, A. and Tan, C. M.},
  Journal                  = {The Economic Journal},
  Year                     = {2008},
  Number                   = {527},
  Pages                    = {329--346},
  Volume                   = {118},

  Publisher                = {Wiley Online Library}
}

@InProceedings{Durlauf2005,
  Title                    = {Growth Econometrics},
  Author                   = {Durlauf, Steven N. and Johnson, Paul A. and Temple, Jonathan R. W.},
  Booktitle                = {Handbook of Economic Growth},
  Year                     = {2005},
  Editor                   = {Philippe Aghion and Steven Durlauf},
  Month                    = {00},
  Pages                    = {555-677},
  Publisher                = {Elsevier},
  Volume                   = {1},

  Chapter                  = {8}
}

@Article{Elliott2013,
  Title                    = {Complete Subset Regressions},
  Author                   = {Elliott, Graham and Gargano, Antonio and Timmermann, Allan},
  Journal                  = {Journal of Econometrics},
  Year                     = {2013},
  Pages                    = {357-373},
  Volume                   = {177},

  Publisher                = {Elsevier}
}

@Article{Everaert2007,
  Title                    = {Bootstrap-based Bias Correction for Dynamic Panels},
  Author                   = {Everaert, G. and Pozzi, L.},
  Journal                  = {Journal of Economic Dynamics and Control},
  Year                     = {2007},
  Number                   = {4},
  Pages                    = {1160–1184},
  Volume                   = {31},

  Publisher                = {Elsevier}
}

@Article{Fan1993,
  Title                    = {Local Linear Regression Smoothers and Their Minimax Efficiencies},
  Author                   = {Fan, J.},
  Journal                  = {The Annals of Statistics},
  Year                     = {1993},
  Number                   = {1},
  Pages                    = {196--216},
  Volume                   = {21},

  Publisher                = {Institute of Mathematical Statistics}
}

@Article{Fan1992,
  Title                    = {Design-adaptive Nonparametric Regression},
  Author                   = {Fan, J.},
  Journal                  = {Journal of the American Statistical Association},
  Year                     = {1992},
  Pages                    = {998--1004},
  Volume                   = {87},

  Publisher                = {JSTOR}
}

@Book{Fan1996,
  Title                    = {Local Polynomial Modelling and Its Applications},
  Author                   = {Fan, J. and Gijbels, I.},
  Publisher                = {Chapman \& Hall/CRC},
  Year                     = {1996},
  Volume                   = {66}
}

@Article{Fan1992aos,
  Title                    = {Variable Bandwidth and Local Linear Regression Smoothers},
  Author                   = {Fan, J. and Gijbels, I.},
  Journal                  = {The Annals of Statistics},
  Year                     = {1992},
  Pages                    = {2008--2036},
  Volume                   = {20},

  Publisher                = {JSTOR}
}

@Article{Fernandez2001,
  Title                    = {Model Uncertainty in Cross-Country Growth Regressions},
  Author                   = {Fernandez, C. and Ley, E. and Steel, M. F. J.},
  Journal                  = {Journal of Applied Econometrics},
  Year                     = {2001},
  Number                   = {5},
  Pages                    = {563--576},
  Volume                   = {16},

  Publisher                = {Wiley Online Library}
}

@Article{Frolich2004,
  Title                    = {Finite-Sample Properties of Propensity-Score Matching and Weighting Estimators},
  Author                   = {Fr{\"o}lich, M.},
  Journal                  = {Review of Economics and Statistics},
  Year                     = {2004},
  Number                   = {1},
  Pages                    = {77--90},
  Volume                   = {86},

  Publisher                = {MIT Press}
}

@Article{Fraley1998,
  Title                    = {How many clusters? Which clustering method? Answers via model-based cluster analysis},
  Author                   = {Fraley, Chris and Raftery, Adrian E},
  Journal                  = {The computer journal},
  Year                     = {1998},
  Number                   = {8},
  Pages                    = {578--588},
  Volume                   = {41},

  Publisher                = {Br Computer Soc}
}

@Article{Gagliardini2012,
  Title                    = {Nonparametric Instrumental Variable Estimation of Structural Quantile Effects},
  Author                   = {Gagliardini, Patrick and Scaillet, Olivier},
  Journal                  = {Econometrica},
  Year                     = {2012},
  Number                   = {4},
  Pages                    = {1533--1562},
  Volume                   = {80},

  Publisher                = {Wiley Online Library}
}

@Article{Gagliardini2012JoE,
  Title                    = {Tikhonov Regularization for Nonparametric Instrumental Variable Estimators},
  Author                   = {Gagliardini, Patrick and Scaillet, Olivier},
  Journal                  = {Journal of Econometrics},
  Year                     = {2012},
  Number                   = {1},
  Pages                    = {61--75},
  Volume                   = {167},

  Publisher                = {Elsevier}
}

@Article{Gao2016,
  Title                    = {Model Averaging Based on Leave-Subject-Out Cross-Validation},
  Author                   = {Gao, Yan and Zhang, Xinyu and Wang, Shouyang and Zou, Guohua},
  Journal                  = {Journal of Econometrics},
  Year                     = {2016},
  Number                   = {1},
  Pages                    = {139--151},
  Volume                   = {192},

  Publisher                = {Elsevier}
}

@Article{Garcia1987,
  Title                    = {Macroeconomic Forecasting Using Pooled International Data},
  Author                   = {Garcia-Ferrer, A. and Highfield, R. A., and Palm, F. and Zeller, A.},
  Journal                  = {Journal of Business \& Economic Statistics},
  Year                     = {1987},
  %Number                   = {1},
  Pages                    = {53--67},
  Volume                   = {5},

}

@InProceedings{Gasser1979,
  Title                    = {Kernel Estimation of Regression Functions},
  Author                   = {Gasser, T. and M{\"u}ller, H. G.},
  Booktitle                = {Smoothing Techniques for curve Estimation},
  Year                     = {1979},
  Editor                   = {Gasser, T. and Rosenblatt, M.},
  Pages                    = {23--68},
  Publisher                = {Springer},
  Series                   = {Lecture Notes in Mathematics 757},

  Journal                  = {Smoothing techniques for curve estimation}
}

@InProceedings{Gasser1979,
  Title                    = {Kernel Estimation of Regression Functions},
  Author                   = {Gasser, T. and M{\"u}ller, H. G.},
  Booktitle                = {Smoothing Techniques for curve Estimation},
  Year                     = {1979},
  Editor                   = {Gasser, T. and Rosenblatt, M.},
  Pages                    = {23--68},
  Publisher                = {Springer},
  Series                   = {Lecture Notes in Mathematics 757},

  Journal                  = {Smoothing techniques for curve estimation}
}

@Article{Giannone2005,
  Title                    = {Monetary Policy in Real Time},
  Author                   = {Giannone, D. and Reichlin, L. and Sala, L.},
  Journal                  = {NBER Macroeconomics Annual},
  Year                     = {2005},
  Pages                    = {161–200},
  Volume                   = {19},

  Publisher                = {MIT Press}
}

@Article{Granger1989,
  Title                    = {Combining Forecasts--Twenty Years Later},
  Author                   = {Granger, C. W. J.},
  Journal                  = {Journal of Forecasting},
  Year                     = {1989},
  Number                   = {3},
  Pages                    = {167--173},
  Volume                   = {8},

  Publisher                = {Wiley Online Library}
}

@Article{Granger1984,
  Title                    = {Improved Methods of Combining Forecasts},
  Author                   = {Granger, C. W. J. and Ramanathan, R.},
  Journal                  = {Journal of Forecasting},
  Year                     = {1984},
  Number                   = {2},
  Pages                    = {197--204},
  Volume                   = {3},

  Publisher                = {Wiley Online Library}
}

@Article{Hahn2006,
  Title                    = {Reducing Bias of MLE in a Dynamic Panel Model},
  Author                   = {Hahn, J. and Moon, H. R.},
  Journal                  = {Econometric Theory},
  Year                     = {2006},
  Number                   = {3},
  Pages                    = {499-512},
  Volume                   = {22},

  Publisher                = {Scopus}
}

@Article{Hahn2002,
  Title                    = {Asymptotically Unbiased Inference for a Dynamic Panel Model with Fixed Effects when Both n and T Are Large},
  Author                   = {Hahn, J. and Kuersteiner, G.},
  Journal                  = {Econometrica},
  Year                     = {2002},
  Number                   = {4},
  Pages                    = {1639-1657},
  Volume                   = {70},

  Publisher                = {Wiley Online Library}
}

@Article{Hall2005,
  Title                    = {Nonparametric Methods for Inference in the Presence of Instrumental Variables},
  Author                   = {Hall, Peter and Horowitz, Joel L},
  Journal                  = {The Annals of Statistics},
  Year                     = {2005},
  Number                   = {6},
  Pages                    = {2904--2929},
  Volume                   = {33},

  Publisher                = {Institute of Mathematical Statistics}
}

@InCollection{Hansen2014,
  Title                    = {Nonparametric Sieve Regression: Least Squares, Averaging Least Squares, and Cross-Validation},
  Author                   = {Hansen, Bruce E},
  Booktitle                = {Handbook of Applied Nonparametric and Semiparametric Econometrics and Statistics},
  Publisher                = {Oxford University Press},
  Year                     = {2014},
  Chapter                  = {8},
  Editor                   = {Jeffrey Racine, Liangjun Su, and Aman Ullah}
}

@Article{Hansen2016,
  Title                    = {Efficient Shrinkage in Parametric Models},
  Author                   = {Hansen, Bruce E.},
  Journal                  = {Journal of Econometrics},
  Year                     = {2016},
  Number                   = {1},
  Pages                    = {115--132},
  Volume                   = {190},

  Publisher                = {Elsevier}
}

@Article{Hansen2015,
  Title                    = {The Integrated Mean Squared Error of Series Regression and a Rosenthal Hilbert-Space Inequality},
  Author                   = {Hansen, Bruce E},
  Journal                  = {Econometric Theory},
  Year                     = {2015},
  Number                   = {02},
  Pages                    = {337--361},
  Volume                   = {31},

  Publisher                = {Cambridge Univ Press}
}

@Article{Hansen2013notes,
  Title                    = {Econometrics},
  Author                   = {Hansen, Bruce E.},
  Journal                  = {{\upshape Unpublished Manuscript, University of Wisconsin}},
  Year                     = {2014}
}

@Article{Hansen2014qe,
  Title                    = {Model Averaging, Asymptotic Risk, and Regressor Groups},
  Author                   = {Hansen, Bruce E.},
  Journal                  = {Quantitative Economics},
  Year                     = {2014},
  Number                   = {3},
  Pages                    = {495--530},
  Volume                   = {5},

  Publisher                = {Wiley Online Library}
}

@Article{Hansen2010,
  Title                    = {Averaging Estimators for Autoregressions with a Near Unit Root},
  Author                   = {Hansen, Bruce E.},
  Journal                  = {Journal of Econometrics},
  Year                     = {2010},
  Number                   = {1},
  Pages                    = {142--155},
  Volume                   = {158},

  Publisher                = {Elsevier}
}

@Article{Hansen2010multi,
  Title                    = {Multi-Step Forecast Model Selection},
  Author                   = {Hansen, Bruce E.},
  Journal                  = {{\upshape Working Paper, University of Wisconsin}},
  Year                     = {2010}
}

@Article{Hansen2009,
  Title                    = {Averaging Estimators for Regressions with a Possible Structural Break},
  Author                   = {Hansen, Bruce E.},
  Journal                  = {Econometric Theory},
  Year                     = {2009},
  Number                   = {06},
  Pages                    = {1498--1514},
  Volume                   = {25},

  Publisher                = {Cambridge Univ Press}
}

@Article{Hansen2008,
  Title                    = {Least-Squares Forecast Averaging},
  Author                   = {Hansen, Bruce E.},
  Journal                  = {Journal of Econometrics},
  Year                     = {2008},
  Number                   = {2},
  Pages                    = {342--350},
  Volume                   = {146},

  Publisher                = {Elsevier}
}

@Article{Hansen2007,
  Title                    = {Least Squares Model Averaging},
  Author                   = {Hansen, Bruce E.},
  Journal                  = {Econometrica},
  Year                     = {2007},
  Number                   = {4},
  Pages                    = {1175--1189},
  Volume                   = {75},

  Publisher                = {Wiley Online Library}
}

@Article{Hansen2012,
  Title                    = {Jackknife Model Averaging},
  Author                   = {Hansen, Bruce E. and Racine, J.},
  Journal                  = {Journal of Econometrics},
  Year                     = {2012},
  Number                   = {1},
  Pages                    = {38-46},
  Volume                   = {167},

  Publisher                = {Elsevier}
}

@Article{Hansen2011,
  Title                    = {The Model Confidence Set},
  Author                   = {Hansen, P. R. and Lunde, A. and Nason, J. M.},
  Journal                  = {Econometrica},
  Year                     = {2011},
  Number                   = {2},
  Pages                    = {453--497},
  Volume                   = {79},

  Publisher                = {Wiley Online Library}
}

@Article{Hanushek2003,
  Title                    = {The Failure of Input-based Schooling Policies},
  Author                   = {Hanushek, Eric A},
  Journal                  = {The economic journal},
  Year                     = {2003},
  Number                   = {485},
  Pages                    = {F64--F98},
  Volume                   = {113},

  Publisher                = {Wiley Online Library}
}

@Article{Hanushek1986,
  Title                    = {The Economics of Schooling: Production and Efficiency in Public Schools},
  Author                   = {Hanushek, Eric A},
  Journal                  = {Journal of Economic Literature},
  Year                     = {1986},
  Number                   = {3},
  Pages                    = {1141--1177},
  Volume                   = {24},

  Publisher                = {JSTOR}
}

@Article{Hardle1992,
  Title                    = {Regression Smoothing Parameters That Are Not Far From Their Optimum},
  Author                   = {Hardle, W. and Hall, P. and Marron, J.S.},
  Journal                  = {Journal of the American Statistical Association},
  Year                     = {1992},
  Pages                    = {227--233},
  Volume                   = {87},

  Publisher                = {JSTOR}
}

@Article{Hardle1988,
  Title                    = {How Far Are Automatically Chosen Regression Smoothing Parameters From Their Optimum?},
  Author                   = {Hardle, W. and Hall, P. and Marron, J. S.},
  Journal                  = {Journal of the American Statistical Association},
  Year                     = {1988},
  Pages                    = {86--95},
  Volume                   = {83},

  Publisher                = {JSTOR}
}

@Article{Hardle1985,
  Title                    = {Optimal Bandwidth Selection in Nonparametric Regression Function Estimation},
  Author                   = {Hardle, W. and Marron, J. S.},
  Journal                  = {The Annals of Statistics},
  Year                     = {1985},
  Number                   = {4},
  Pages                    = {1465--1481},
  Volume                   = {13},

  Publisher                = {Institute of Mathematical Statistics}
}

@Article{Hausman1978,
  Title                    = {Specification Tests in Econometrics},
  Author                   = {Hausman, J. A.},
  Journal                  = {Econometrica},
  Year                     = {1978},
  Pages                    = {1251--1271},
  Volume                   = {46},

  Publisher                = {JSTOR}
}

@Article{Hjort2006,
  Title                    = {Focused Information Criteria and Model Averaging for the Cox Hazard Regression Model},
  Author                   = {Hjort, Nils Lid and Claeskens, Gerda},
  Journal                  = {Journal of the American Statistical Association},
  Year                     = {2006},
  Number                   = {476},
  Pages                    = {1449--1464},
  Volume                   = {101},

  Publisher                = {Taylor \& Francis}
}

@Article{Hjort2003,
  Title                    = {Frequentist Model Average Estimators},
  Author                   = {Hjort, Nils Lid and Claeskens, Gerda},
  Journal                  = {Journal of the American Statistical Association},
  Year                     = {2003},
  Number                   = {464},
  Pages                    = {879--899},
  Volume                   = {98},

  Publisher                = {ASA}
}

@Article{Hjort2003rejoinder,
  Title                    = {Rejoinder to The Focused Information Criterion and Frequentist Model Average Estimators},
  Author                   = {Hjort, Nils Lid and Claeskens, Gerda},
  Journal                  = {Journal of the American Statistical Association},
  Year                     = {2003},
  Number                   = {464},
  Pages                    = {938--945},
  Volume                   = {98},

  Publisher                = {Taylor \& Francis}
}

@Article{Hoeting1999,
  Title                    = {Bayesian Model Averaging: A Tutorial},
  Author                   = {Hoeting, J. A. and Madigan, D. and Raftery, A. E. and Volinsky, C. T.},
  Journal                  = {Statistical Science},
  Year                     = {1999},
  Pages                    = {382--401},
  Volume                   = {14},

  Publisher                = {JSTOR}
}

@Article{Hong2003,
  Title                    = {Generalized Empirical Likelihood-Based Model Selection Criteria for Moment Condition Models},
  Author                   = {Hong, Han and Preston, Bruce and Shum, Matthew},
  Journal                  = {Econometric Theory},
  Year                     = {2003},
  Number                   = {6},
  Pages                    = {923--943},
  Volume                   = {19},

  Publisher                = {Cambridge Univ Press}
}

@Book{Horowitz2009,
  Title                    = {Semiparametric and Nonparametric Methods in Econometrics},
  Author                   = {Horowitz, Joel L},
  Publisher                = {New York: Springer-Verlag},
  Year                     = {2009}
}

@Article{Horowitz2014,
  Title                    = {Adaptive Nonparametric Instrumental Variables Estimation: Empirical Choice of the Regularization Parameter},
  Author                   = {Horowitz, Joel L},
  Journal                  = {Journal of Econometrics},
  Year                     = {2014},
  Number                   = {2},
  Pages                    = {158--173},
  Volume                   = {180},

  Publisher                = {Elsevier}
}

@Article{Horowitz2012,
  Title                    = {Specification Testing in Nonparametric Instrumental Variable Estimation},
  Author                   = {Horowitz, Joel L},
  Journal                  = {Journal of Econometrics},
  Year                     = {2012},
  Number                   = {2},
  Pages                    = {383--396},
  Volume                   = {167},

  Publisher                = {Elsevier}
}

@Article{Horowitz2011,
  Title                    = {Applied Nonparametric Instrumental Variables Estimation},
  Author                   = {Horowitz, Joel L},
  Journal                  = {Econometrica},
  Year                     = {2011},
  Number                   = {2},
  Pages                    = {347--394},
  Volume                   = {79},

  Publisher                = {Wiley Online Library}
}

@Article{Horowitz2007,
  Title                    = {Nonparametric Instrumental Variables Estimation of a Quantile Regression Model},
  Author                   = {Horowitz, Joel L and Lee, Sokbae},
  Journal                  = {Econometrica},
  Year                     = {2007},
  Number                   = {4},
  Pages                    = {1191--1208},
  Volume                   = {75},

  Publisher                = {Wiley Online Library}
}

@Article{Ing2005,
  Title                    = {Order Selection for Same-Realization Predictions in Autoregressive Processes},
  Author                   = {Ing, C.-K. and Wei, C.-Z.},
  Journal                  = {The Annals of Statistics},
  Year                     = {2005},
  Number                   = {5},
  Pages                    = {2423--2474},
  Volume                   = {33},

  Publisher                = {Institute of Mathematical Statistics}
}

@Article{Ing2003,
  Title                    = {On Same-Realization Prediction in an Infinite-Order Autoregressive Process},
  Author                   = {Ching-Kang Ing and Ching-Zong Wei},
  Journal                  = {Journal of Multivariate Analysis},
  Year                     = {2003},
  Number                   = {1},
  Pages                    = {130-155},
  Volume                   = {85},

  Keywords                 = {Autoregressive process}
}

@Article{Inoue2008,
  Title                    = {How Useful is Bagging in Forecasting Economic Time Series? A Case Study of US Consumer Price Inflation},
  Author                   = {Inoue, Atsushi and Kilian, Lutz},
  Journal                  = {Journal of the American Statistical Association},
  Year                     = {2008},
  Number                   = {482},
  Pages                    = {511--522},
  Volume                   = {103},

  Publisher                = {Taylor \& Francis}
}

@Article{Kabaila1998,
  Title                    = {Valid Confidence Intervals in Regression after Variable Selection},
  Author                   = {Kabaila, P.},
  Journal                  = {Econometric Theory},
  Year                     = {1998},
  Number                   = {4},
  Pages                    = {463--482},
  Volume                   = {14},

  Publisher                = {Cambridge Univ Press}
}

@Article{Kabaila1995,
  Title                    = {The Effect of Model Selection on Confidence Regions and Prediction Regions},
  Author                   = {Kabaila, P.},
  Journal                  = {Econometric Theory},
  Year                     = {1995},
  Pages                    = {537--537},
  Volume                   = {11},

  Publisher                = {Cambridge Univ Press}
}

@InCollection{Kapetanios2007,
  Title                    = {Alternative Approaches to Estimation and Inference in Large Multifactor Panels: Small Sample Results with an Application to Modelling Asset Returns},
  Author                   = {George Kapetanios and M. Hashem Pesaran},
  Booktitle                = {The Refinement of Econometric Estimation and Test Procedures},
  Publisher                = {Cambridge University Press},
  Year                     = {2007},
  Editor                   = {Garry D. A. Phillips and Elias Tzavalis},
  Note                     = {Cambridge Books Online},
  Pages                    = {239--281},

  ISBN                     = {9780511493157}
}

@Article{Kapetanios2011,
  Title                    = {Panels with Non-Stationary Multifactor Error Structures },
  Author                   = {G. Kapetanios and M. Hashem Pesaran and T. Yamagata},
  Journal                  = {Journal of Econometrics },
  Year                     = {2011},
  Number                   = {2},
  Pages                    = {326 - 348},
  Volume                   = {160},

  ISSN                     = {0304-4076},
  Keywords                 = {Cross-section dependence}
}


@Article{Kim1990,
  Title                    = {Cube Root Asymptotics},
  Author                   = {Kim, J. and Pollard, D.},
  Journal                  = {The Annals of Statistics},
  Year                     = {1990},
  Pages                    = {191--219},
  Volume                   = {18},

  Publisher                = {JSTOR}
}

@Article{Kitagawa2013,
  Title                    = {Covariate Selection and Model Averaging in Semiparametric Estimation of Treatment Effects},
  Author                   = {Kitagawa, Toru and Muris, Chris},
  Journal                  = {{\upshape Cemmap Working Paper}},
  Year                     = {2013}
}

@Book{Kiviet1999,
  Title                    = {Expectations of Expansions for Estimators in a Dynamic Panel Data Mode},
  Author                   = {Kiviet, J. F.},
  Pages                    = {199-225},

  Publisher                = {Cambridge University Press}
}

@Article{Kiviet1995,
  Title                    = {On Bias, Inconsistency, and Efficiency of Various Estimators in Dynamic Panel Data Models},
  Author                   = {Kiviet, J. F.},
  Journal                  = {Journal of Econometrics},
  Year                     = {1995},
  Number                   = {1},
  Pages                    = {53-78},
  Volume                   = {68},

  Publisher                = {Elsevier}
}

@Article{Kiviet1993,
  Title                    = {Alternative Bias Approximations in Regressions with a Lagged-dependent Variable},
  Author                   = {Kiviet, J. F. and Phillips, G. D.},
  Journal                  = {Econometric Theory},
  Year                     = {1993},
  Number                   = {01},
  Pages                    = {62-80},
  Volume                   = {9},

  Publisher                = {Cambridge Univ Press}
}

@Article{Koo2015,
  Title                    = {Structural-Break Models under Mis-Specification: Implications for Forecasting},
  Author                   = {Koo, Bonsoo and Seo, Myung Hwan},
  Journal                  = {Journal of Econometrics},
  Year                     = {2015},
  Pages                    = {166-181},
  Volume                   = {188},

  Publisher                = {Elsevier}
}

@Book{Kress1999,
  Title                    = {Linear Integral Equations},
  Author                   = {Kress, Rainer},
  Publisher                = {Springer-Verlag},
  Year                     = {1999}
}

@Article{Kuersteiner2010,
  Title                    = {Constructing Optimal Instruments by First-Stage Prediction Averaging},
  Author                   = {Kuersteiner, Guido and Okui, Ryo},
  Journal                  = {Econometrica},
  Year                     = {2010},
  Number                   = {2},
  Pages                    = {697--718},
  Volume                   = {78},

  Publisher                = {Wiley Online Library}
}

@Article{Leeb2012,
  Title                    = {Testing in the Presence of Nuisance Parameters: Some Comments on Tests Post-Model-Selection and Random Critical Values},
  Author                   = {Leeb, H. and P{\"o}tscher, B. M.},
  Journal                  = {{\upshape Working Paper, University of Vienna}},
  Year                     = {2012}
}

@Article{Leeb2008,
  Title                    = {Can One Estimate the Unconditional Distribution of Post-Model-Selection Estimators?},
  Author                   = {Leeb, H. and P{\"o}tscher, B. M.},
  Journal                  = {Econometric Theory},
  Year                     = {2008},
  Number                   = {02},
  Pages                    = {338--376},
  Volume                   = {24},

  Publisher                = {Cambridge Univ Press}
}

@Article{Leeb2006,
  Title                    = {Can One Estimate the Conditional Distribution of Post-Model-Selection Estimators?},
  Author                   = {Leeb, H. and P{\"o}tscher, B. M.},
  Journal                  = {The Annals of Statistics},
  Year                     = {2006},
  Number                   = {5},
  Pages                    = {2554--2591},
  Volume                   = {34},

  Publisher                = {Institute of Mathematical Statistics}
}

@Article{Leeb2005,
  Title                    = {Model Selection and Inference: Facts and Fiction},
  Author                   = {Leeb, H. and P{\"o}tscher, B. M.},
  Journal                  = {Econometric Theory},
  Year                     = {2005},
  Number                   = {1},
  Pages                    = {21--59},
  Volume                   = {21},

  Publisher                = {Cambridge Univ Press}
}

@Article{Leeb2003,
  Title                    = {The Finite-Sample Distribution of Post-Model-Selection Estimators and Uniform versus Non-Uniform Approximations},
  Author                   = {Leeb, H. and P{\"o}tscher, B. M.},
  Journal                  = {Econometric Theory},
  Year                     = {2003},
  Number                   = {1},
  Pages                    = {100--142},
  Volume                   = {19},

  Publisher                = {Cambridge Univ Press}
}

@Article{Leung2006,
  Title                    = {Information Theory and Mixing Least-Squares Regressions},
  Author                   = {Leung, G. and Barron, A. R.},
  Journal                  = {IEEE Transactions on Information Theory},
  Year                     = {2006},
  Number                   = {8},
  Pages                    = {3396--3410},
  Volume                   = {52},

  Publisher                = {IEEE}
}

@Article{Li1987,
  Title                    = {Asymptotic Optimality for $C_p$, $C_L$, Cross-Validation and Generalized Cross-Validation: Discrete Index Set},
  Author                   = {Li, K.-C.},
  Journal                  = {The Annals of Statistics},
  Year                     = {1987},
  Pages                    = {958--975},
  Volume                   = {15},

  Publisher                = {JSTOR}
}

@Book{Li2007,
  Title                    = {Nonparametric Econometrics: Theory and Practice},
  Author                   = {Li, Q. and Racine, J. S.},
  Publisher                = {Princeton Univ Pr},
  Year                     = {2007}
}

@Article{Li2004,
  Title                    = {Cross-Validated Local Linear Nonparametric Regression},
  Author                   = {Li, Q. and Racine, J.},
  Journal                  = {Statistica Sinica},
  Year                     = {2004},
  Number                   = {2},
  Pages                    = {485--512},
  Volume                   = {14}
}

@Article{Liang2011,
  Title                    = {Optimal Weight Choice for Frequentist Model Average Estimators},
  Author                   = {Liang, H. and Zou, G. and Wan, A. T. K. and Zhang, X.},
  Journal                  = {Journal of the American Statistical Association},
  Year                     = {2011},
  Pages                    = {1053--1066},
  Volume                   = {106}
}

@Article{Liu2015,
  Title                    = {Distribution Theory of the Least Squares Averaging Estimator},
  Author                   = {Liu, C.-A.},
  Journal                  = {Journal of Econometrics},
  Year                     = {2015},
  Number                   = {1},
  Pages                    = {142--159},
  Volume                   = {186},

  Publisher                = {Elsevier}
}

@Article{Liu2012,
  Title                    = {A Plug-In Averaging Estimator for Regressions with Heteroskedastic Errors},
  Author                   = {Liu, C.-A.},
  Journal                  = {{\upshape Working Paper, National University of Singapore}},
  Year                     = {2012}
}

@Article{LiuOkui2013,
  Title                    = {Heteroscedasticity-Robust $C_p$ Model Averaging},
  Author                   = {Liu, Qingfeng and Okui, Ryo},
  Journal                  = {The Econometrics Journal},
  Year                     = {2013},
  Pages                    = {463-472},
  Volume                   = {16},

  Publisher                = {Wiley Online Library}
}

@Article{Lu2015,
  Title                    = {A Covariate Selection Criterion for Estimation of Treatment Effects},
  Author                   = {Lu, Xun},
  Journal                  = {Journal of Business \& Economic Statistics},
  Year                     = {2015},
  Number                   = {4},
  Pages                    = {506-522},
  Volume                   = {33},

  Publisher                = {Taylor \& Francis}
}

@Article{LuSu2015,
  Title                    = {Jackknife Model Averaging for Quantile Regressions},
  Author                   = {Lu, Xun and Su, Liangjun},
  Journal                  = {Journal of Econometrics},
  Year                     = {2015},
  Number                   = {1},
  Pages                    = {40--58},
  Volume                   = {188},

  Publisher                = {Elsevier}
}

@Article{Lu2014,
  Title                    = {Robustness Checks and Robustness Tests in Applied Economics},
  Author                   = {Lu, Xun and White, Halbert},
  Journal                  = {Journal of Econometrics},
  Year                     = {2014},
  Pages                    = {194--206},
  Volume                   = {178},

  Publisher                = {Elsevier}
}

@Article{Muller2011,
  Title                    = {Forecasts in a Slightly Misspecified Finite Order VAR},
  Author                   = {M{\"u}ller, U. K. and Stock, J. H.},
  Journal                  = {Unpublished Manuscript},
  Year                     = {2011},

  Institution              = {National Bureau of Economic Research}
}

@Article{Magnus2010,
  Title                    = {A Comparison of Two Model Averaging Techniques with an Application to Growth Empirics},
  Author                   = {Magnus, J.R. and Powell, O. and Prufer, P.},
  Journal                  = {Journal of Econometrics},
  Year                     = {2010},
  Number                   = {2},
  Pages                    = {139--153},
  Volume                   = {154},

  Publisher                = {Elsevier}
}

@Article{Mallows1973,
  Title                    = {Some Comments on $C_p$},
  Author                   = {Mallows, Colin L},
  Journal                  = {Technometrics},
  Year                     = {1973},
  Number                   = {4},
  Pages                    = {661--675},
  Volume                   = {15},

  Publisher                = {Taylor \& Francis}
}

@Article{Mammen1997,
  Title                    = {Mass Recentred Kernel Smoothers},
  Author                   = {Mammen, E. and Marron, J. S.},
  Journal                  = {Biometrika},
  Year                     = {1997},
  Number                   = {4},
  Pages                    = {765--777},
  Volume                   = {84},

  Publisher                = {Biometrika Trust}
}

@Article{Marcellino2006,
  Title                    = {A Comparison of Direct and Iterated Multistep AR Methods for Forecasting Macroeconomic Time Series},
  Author                   = {Marcellino, M. and Stock, J. H. and Watson, M. W.},
  Journal                  = {Journal of Econometrics},
  Year                     = {2006},
  Number                   = {1},
  Pages                    = {499--526},
  Volume                   = {135},

  Publisher                = {Elsevier}
}

@Article{Min1993,
  Title                    = {Bayesian and Non-Bayesian Methods for Combining Models and Forecasts with Applications to Forecasting International Growth Rates},
  Author                   = {Min, C.-K. and Zellner, A.},
  Journal                  = {Journal of Econometrics},
  Year                     = {1993},
  Number                   = {1-2},
  Pages                    = {89--118},
  Volume                   = {56},

  Publisher                = {Elsevier}
}

@Article{Moon2015,
  Title                    = {Linear Regression for Panel with Unknown Number of Factors as Interactive Fixed Effects},
  Author                   = {Moon, Hyungsik Roger and Weidner, Martin},
  Journal                  = {Econometrica},
  Year                     = {2015},
  Number                   = {4},
  Pages                    = {1543--1579},
  Volume                   = {83},

  Publisher                = {Wiley Online Library}
}

@Article{Moon2015et,
  Title                    = {Dynamic Linear Panel Regression Models with Interactive Fixed Effects},
  Author                   = {Moon, Hyungsik Roger and Weidner, Martin},
  Journal                  = {{\upshape Forthcoming.} Econometric Theory},
  Year                     = {2015}
}

@Article{Moral2015,
  Title                    = {Model Averaging in Economics: An Overview},
  Author                   = {Moral-Benito, Enrique},
  Journal                  = {Journal of Economic Surveys},
  Year                     = {2015},
  Number                   = {1},
  Pages                    = {46--75},
  Volume                   = {29},

  Publisher                = {Wiley Online Library}
}

@Article{Nadaraya1964,
  Title                    = {On Estimating Regression},
  Author                   = {Nadaraya, E. A.},
  Journal                  = {Theory of Probability and Its Applications},
  Year                     = {1964},
  Number                   = {1},
  Pages                    = {141--142},
  Volume                   = {9},

  Publisher                = {Russian Academy of Sciences, Branch of Mathematical Sciences}
}

@Article{Newey1987,
  Title                    = {A Simple, Positive Semi-Definite, Heteroskedasticity and Autocorrelation Consistent Covariance Matrix},
  Author                   = {Newey, W. K. and West, K. D.},
  Journal                  = {Econometrica},
  Year                     = {1987},
  Number                   = {3},
  Pages                    = {703--708},
  Volume                   = {55},

  Publisher                = {The Econometric Society}
}

@Article{Newey2013,
  Title                    = {Nonparametric Instrumental Variables Estimation},
  Author                   = {Newey, Whitney K},
  Journal                  = {The American Economic Review},
  Year                     = {2013},
  Number                   = {3},
  Pages                    = {550--556},
  Volume                   = {103},

  Publisher                = {American Economic Association}
}

@Article{Newey2003,
  Title                    = {Instrumental Variable Estimation of Nonparametric Models},
  Author                   = {Newey, Whitney K and Powell, James L},
  Journal                  = {Econometrica},
  Year                     = {2003},
  Number                   = {5},
  Pages                    = {1565--1578},
  Volume                   = {71},

  Publisher                = {Wiley Online Library}
}

@InCollection{Ng2013,
  Title                    = {Variable Selection in Predictive Regressions},
  Author                   = {Ng, Serena},
  Booktitle                = {Handbook of Economic Forecasting},
  Publisher                = {Elsevier},
  Year                     = {2013},
  Chapter                  = {14},
  Editor                   = {Graham Elliott and Allan Timmermann},
  Pages                    = {752-789},
  Volume                   = {2}
}

@Article{Nickell1981,
  Title                    = {Biases in Dynamic Models with Fixed Effects},
  Author                   = {Nickell, Stephen},
  Journal                  = {Econometrica},
  Year                     = {1981},
  Number                   = {6},
  Pages                    = {1417-26},
  Volume                   = {49},

  Publisher                = {JSTOR}
}

@Article{Okui2011,
  Title                    = {Instrumental Variable Estimation in the Presence of Many Moment Conditions},
  Author                   = {Okui, Ryo},
  Journal                  = {Journal of Econometrics},
  Year                     = {2011},
  Number                   = {1},
  Pages                    = {70--86},
  Volume                   = {165},

  Publisher                = {Elsevier}
}

@Article{Potscher2006,
  Title                    = {The Distribution of Model Averaging Estimators and an Impossibility Result Regarding its Estimation},
  Author                   = {P{\"o}tscher, B. M.},
  Journal                  = {Lecture Notes-Monograph Series},
  Year                     = {2006},
  Pages                    = {113--129},
  Volume                   = {52},

  Publisher                = {JSTOR}
}

@Article{Potscher1991,
  Title                    = {Effects of Model Selection on Inference},
  Author                   = {P{\"o}tscher, B. M.},
  Journal                  = {Econometric Theory},
  Year                     = {1991},
  Number                   = {2},
  Pages                    = {163--185},
  Volume                   = {7},

  Publisher                = {Cambridge Univ Press}
}

@Article{Pesaran2006,
  Title                    = {Estimation and Inference in Large Heterogeneous Panels with a Multifactor Error Structure},
  Author                   = {Pesaran, M Hashem},
  Journal                  = {Econometrica},
  Year                     = {2006},
  Number                   = {4},
  Pages                    = {967--1012},
  Volume                   = {74},

  Publisher                = {Wiley Online Library}
}

@Article{Pesaran2013,
  Title                    = {Panel Unit Root Tests in the Presence of a Multifactor Error Structure },
  Author                   = {M. Hashem Pesaran and L. Vanessa Smith and Takashi Yamagata},
  Journal                  = {Journal of Econometrics },
  Year                     = {2013},
  Number                   = {2},
  Pages                    = {94 - 115},
  Volume                   = {175},

  ISSN                     = {0304-4076},
  Keywords                 = {Panel unit root tests}
}

@Article{Pesaran2011,
  Title                    = {Large Panels with Common Factors and Spatial Correlation },
  Author                   = {M. Hashem Pesaran and Elisa Tosetti},
  Journal                  = {Journal of Econometrics },
  Year                     = {2011},
  Number                   = {2},
  Pages                    = {182 - 202},
  Volume                   = {161},

  ISSN                     = {0304-4076},
  Keywords                 = {Panels}
}

@Article{Phillips2007,
  Title                    = {Bias in Dynamic Panel Estimation with Fixed Effects, Incidental Trends and Cross Section Dependence},
  Author                   = {Phillips, P. C. and Sul, D.},
  Journal                  = {Journal of Econometrics},
  Year                     = {2007},
  Number                   = {1},
  Pages                    = {162-188},
  Volume                   = {137},
  Publisher                = {Wiley Online Library}
}

@Article{Phillips2003,
  Title                    = {Dynamic Panel Estimation and Homogeneity Testing under Cross Section Dependence},
  Author                   = {Phillips, P. C. and Sul, D.},
  Journal                  = {The Econometrics Journal},
  Year                     = {2003},
  Number                   = {1},
  Pages                    = {217-259},
  Volume                   = {6},
  Publisher                = {Wiley Online Library}
}

@Article{Racine2004,
  Title                    = {Nonparametric Estimation of Regression Functions with Both Categorical and Continuous Data},
  Author                   = {Racine, J. and Li, Q.},
  Journal                  = {Journal of Econometrics},
  Year                     = {2004},
  Number                   = {1},
  Pages                    = {99--130},
  Volume                   = {119},

  Publisher                = {Elsevier}
}

@Article{Raftery1997,
  Title                    = {Bayesian Model Averaging for Linear Regression Models},
  Author                   = {Raftery, A. E. and Madigan, D. and Hoeting, J. A.},
  Journal                  = {Journal of the American Statistical Association},
  Year                     = {1997},
  Pages                    = {179--191},
  Volume                   = {92},

  Publisher                = {JSTOR}
}

@Article{Raftery2003,
  Title                    = {Discussion: Performance of Bayesian Model Averaging},
  Author                   = {Raftery, Adrian E and Zheng, Yingye},
  Journal                  = {Journal of the American Statistical Association},
  Year                     = {2003},
  Number                   = {464},
  Pages                    = {931--938},
  Volume                   = {98},

  Publisher                = {Taylor \& Francis}
}

@Article{Ramey1995,
  Title                    = {Cross-Country Evidence on the Link Between Volatility and Growth},
  Author                   = {Ramey, G. and Ramey, A.},
  Journal                  = {American Economic Review},
  Year                     = {1995},
  Number                   = {5},
  Pages                    = {1138--1151},
  Volume                   = {85},

  Publisher                = {American Economic Association}
}

@Article{Rapach2010,
  Title                    = {Out-of-Sample Equity Premium Prediction: Combination Forecasts and Links to the Real Economy},
  Author                   = {Rapach, D. E. and Strauss, J. K. and Zhou, G.},
  Journal                  = {Review of Financial Studies},
  Year                     = {2010},
  Number                   = {2},
  Pages                    = {821--862},
  Volume                   = {23},

  Publisher                = {Soc Financial Studies}
}

@InProceedings{Rapach2012,
  Title                    = {Forecasting Stock Returns},
  Author                   = {Rapach, D. E. and Zhou, G.},
  Booktitle                = {Handbook of Economic Forecasting},
  Year                     = {2012},
  Publisher                = {Elsevier},
  Volume                   = {2},

  Owner                    = {ECSLCA},
  Timestamp                = {2012.12.21}
}

@Article{Ruppert1994,
  Title                    = {Multivariate Locally Weighted Least Squares Regression},
  Author                   = {Ruppert, D. and Wand, M. P.},
  Journal                  = {The Annals of Statistics},
  Year                     = {1994},
  Pages                    = {1346--1370},
  Volume                   = {22},

  Publisher                = {JSTOR}
}

@Article{Sala2004,
  Title                    = {Determinants of Long-Term Growth: A Bayesian Averaging of Classical Estimates (BACE) Approach},
  Author                   = {Sala-i-Martin, X. and Doppelhofer, G. and Miller, R. I.},
  Journal                  = {American Economic Review},
  Year                     = {2004},
  Pages                    = {813--835},
  Volume                   = {94},

  Publisher                = {JSTOR}
}

@Article{Schwarz1978,
  Title                    = {Estimating the Dimension of a Model},
  Author                   = {Schwarz, Gideon},
  Journal                  = {The Annals of Statistics},
  Year                     = {1978},
  Number                   = {2},
  Pages                    = {461--464},
  Volume                   = {6},

  Publisher                = {Institute of Mathematical Statistics}
}

@Article{Seifert2000,
  Title                    = {Data Adaptive Ridging in Local Polynomial Regression},
  Author                   = {Seifert, B. and Gasser, T.},
  Journal                  = {Journal of Computational and Graphical Statistics},
  Year                     = {2000},
  Pages                    = {338--360},
  Volume                   = {9},

  Publisher                = {JSTOR}
}

@Article{Seifert1996,
  Title                    = {Finite-Sample Variance of Local Polynomials: Analysis and Solutions},
  Author                   = {Seifert, B. and Gasser, T.},
  Journal                  = {Journal of the American Statistical Association},
  Year                     = {1996},
  Pages                    = {267--275},
  Volume                   = {91},

  Publisher                = {JSTOR}
}

@Article{Shao1997,
  Title                    = {An Asymptotic Theory for Linear Model Selection},
  Author                   = {Shao, J.},
  Journal                  = {Statistica Sinica},
  Year                     = {1997},
  Pages                    = {221--242},
  Volume                   = {7}
}

@Article{Shibata1981,
  Title                    = {An Optimal Selection of Regression Variables},
  Author                   = {Shibata, Ritei},
  Journal                  = {Biometrika},
  Year                     = {1981},
  Number                   = {1},
  Pages                    = {45--54},
  Volume                   = {68},

  Publisher                = {Biometrika Trust}
}

@Article{Shibata1980,
  Title                    = {Asymptotically Efficient Selection of the Order of the Model for Estimating Parameters of a Linear Process},
  Author                   = {Shibata, R.},
  Journal                  = {The Annals of Statistics},
  Year                     = {1980},
  Number                   = {1},
  Pages                    = {147--164},
  Volume                   = {8},

  Publisher                = {JSTOR}
}

@Article{Spatafora2009,
  Title                    = {Commodity Terms of Trade: The History of Booms and Busts},
  Author                   = {Spatafora, N. and  Tytell, I.},
  Journal                  = {IMF Working Paper},
  Year                     = {2009},
  Pages                    = {1--34},

}

@Article{Staiger1997,
  Title                    = {Instrumental Variables Regression with Weak Instruments},
  Author                   = {Staiger, D. and Stock, J. H.},
  Journal                  = {Econometrica},
  Year                     = {1997},
  Pages                    = {557--586},
  Volume                   = {65},

  Publisher                = {JSTOR}
}

@InProceedings{Stock2006,
  Title                    = {Forecasting with Many Predictors},
  Author                   = {Stock, James H. and Watson, Mark W.},
  Booktitle                = {Handbook of Economic Forecasting},
  Year                     = {2006},
  Editor                   = {G. Elliott and C. Granger and A. Timmermann},
  Month                    = {January},
  Pages                    = {515-554},
  Publisher                = {Elsevier},
  Volume                   = {1},

  Chapter                  = {10}
}

@Article{Stock2005,
  Title                    = {Implications of Dynamic Factor Models for VAR Analysis},
  Author                   = {Stock, James H and Watson, Mark W},
  Journal                  = {NBER Working Paper},
  Year                     = {2005},
}

@Book{Stock2003,
  Title                    = {Introduction to Econometrics},
  Author                   = {Stock, James H and Watson, Mark W},
  Publisher                = {Addison Wesley Boston},
  Year                     = {2003},
  Volume                   = {104}
}

@Article{Stock2002,
  Title                    = {Macroeconomic Forecasting Using Diffusion Indexes},
  Author                   = {Stock, James H and Watson, Mark W},
  Journal                  = {Journal of Business \& Economic Statistics},
  Year                     = {2002},
  Number                   = {2},
  Pages                    = {147-162},
  Volume                   = {20},

}

@Article{Stock2002,
  Title                    = {Forecasting Using Principal Components from a Large Number of Predictors},
  Author                   = {Stock, James H and Watson, Mark W},
  Journal                  = {Journal of the American statistical association},
  Year                     = {2002},
  Number                   = {460},
  Pages                    = {1167--1179},
  Volume                   = {97},

  Publisher                = {Taylor \& Francis}
}

@Article{Stone1977,
  Title                    = {Consistent Nonparametric Regression},
  Author                   = {Stone, C. J.},
  Journal                  = {The Annals of Statistics},
  Year                     = {1977},
  Number                   = {4},
  Pages                    = {595--620},
  Volume                   = {5},

  Publisher                = {Institute of Mathematical Statistics}
}

@Article{Stone1974,
  Title                    = {Cross-Validatory Choice and Assessment of Statistical Predictions},
  Author                   = {Stone, Mervyn},
  Journal                  = {Journal of the Royal Statistical Society. Series B},
  Year                     = {1974},
  Pages                    = {111--147},
  Volume                   = {36},

  Publisher                = {JSTOR}
}

@Article{Sueishi2013,
  Title                    = {Generalized Empirical Likelihood-Based Focused Information Criterion and Model Averaging},
  Author                   = {Sueishi, Naoya},
  Journal                  = {Econometrics},
  Year                     = {2013},
  Number                   = {2},
  Pages                    = {141--156},
  Volume                   = {1},

  Publisher                = {Multidisciplinary Digital Publishing Institute}
}

@Article{Sueishi2012,
  Title                    = {Model Selection Criterion for Instrumental Variable Models},
  Author                   = {Sueishi, Naoya},
  Journal                  = {{\upshape Working Paper, Kobe University}},
  Year                     = {2012}
}

@Article{Tang2012,
  Title                    = {Weighted Composite Quantile Estimation and Variable Selection Method for Censored Regression Model},
  Author                   = {Tang, Linjun and Zhou, Zhangong and Wu, Changchun},
  Journal                  = {Statistics \& Probability Letters},
  Year                     = {2012},
  Number                   = {3},
  Pages                    = {653--663},
  Volume                   = {82},

  Publisher                = {Elsevier}
}

@Article{Tibshirani1996,
  Title                    = {Regression Shrinkage and Selection via the Lasso},
  Author                   = {Tibshirani, R.},
  Journal                  = {Journal of the Royal Statistical Society. Series B (Methodological)},
  Year                     = {1996},
  Pages                    = {267--288},
  Volume                   = {58},

  Publisher                = {JSTOR}
}

@InProceedings{Timmermann2006,
  Title                    = {Forecast Combinations},
  Author                   = {Timmermann, Allan},
  Booktitle                = {Handbook of Economic Forecasting},
  Year                     = {2006},
  Editor                   = {G. Elliott and C. Granger and A. Timmermann},
  Month                    = {January},
  Pages                    = {135-196},
  Publisher                = {Elsevier},
  Volume                   = {1},

  Chapter                  = {4}
}

@Book{Van1996,
  Title                    = {Weak Convergence and Empirical Processes},
  Author                   = {Van der Vaart, A. W. and Wellner, J. A.},
  Publisher                = {Springer Verlag},
  Year                     = {1996}
}

@Article{Wan2010,
  Title                    = {Least Squares Model Averaging by Mallows Criterion},
  Author                   = {Wan, A. T. K. and Zhang, X. and Zou, G.},
  Journal                  = {Journal of Econometrics},
  Year                     = {2010},
  Number                   = {2},
  Pages                    = {277--283},
  Volume                   = {156},

  Publisher                = {Elsevier}
}

@Article{Watson1964,
  Title                    = {Smooth Regression Analysis},
  Author                   = {Watson, G. S.},
  Journal                  = {Sankhy{\=a}: The Indian Journal of Statistics, Series A},
  Year                     = {1964},
  Pages                    = {359--372},
  Volume                   = {26},

  Publisher                = {JSTOR}
}

@Article{Welch2008,
  Title                    = {A Comprehensive Look at the Empirical Performance of Equity Premium Prediction},
  Author                   = {Welch, I. and Goyal, A.},
  Journal                  = {Review of Financial Studies},
  Year                     = {2008},
  Number                   = {4},
  Pages                    = {1455--1508},
  Volume                   = {21},

  Publisher                = {Soc Financial Studies}
}

@Article{Westerlund2015,
  Title                    = {Cross-Sectional Averages versus Principal Components},
  Author                   = {Westerlund, Joakim and Urbain, Jean-Pierre},
  Journal                  = {Journal of Econometrics},
  Year                     = {2015},
  Number                   = {2},
  Pages                    = {372--377},
  Volume                   = {185},

  Publisher                = {Elsevier}
}

@Book{White1984,
  Title                    = {Asymptotic Theory for Econometricians},
  Author                   = {White, H.},
  Publisher                = {Academic Press},
  Year                     = {1984}
}

@Article{White1980,
  Title                    = {A Heteroskedasticity-Consistent Covariance Matrix Estimator and a Direct Test for Heteroskedasticity},
  Author                   = {White, H.},
  Journal                  = {Econometrica},
  Year                     = {1980},
  Pages                    = {817--838},
  Volume                   = {48},

  Publisher                = {JSTOR}
}

@Article{whittle1960,
  Title                    = {Bounds for the Moments of Linear and Quadratic Forms in Independent Variables},
  Author                   = {Whittle, Peter},
  Journal                  = {Theory of Probability and Its Applications},
  Year                     = {1960},
  Number                   = {3},
  Pages                    = {302--305},
  Volume                   = {5},

  Publisher                = {SIAM}
}

@Article{Wright2008,
  Title                    = {Bayesian Model Averaging and Exchange Rate Forecasts},
  Author                   = {Wright, J. H.},
  Journal                  = {Journal of Econometrics},
  Year                     = {2008},
  Number                   = {2},
  Pages                    = {329--341},
  Volume                   = {146},

  Publisher                = {Elsevier}
}

@Article{Xia2002,
  Title                    = {Asymptotic Behavior of Bandwidth Selected by the Cross-Validation Method for Local Polynomial Fitting},
  Author                   = {Xia, Y. and Li, W. K.},
  Journal                  = {Journal of Multivariate Analysis},
  Year                     = {2002},
  Number                   = {2},
  Pages                    = {265--287},
  Volume                   = {83},

  Publisher                = {Elsevier}
}

@Article{Xie2015,
  Title                    = {Prediction Model Averaging Estimator},
  Author                   = {Xie, Tian},
  Journal                  = {Economics Letters},
  Year                     = {2015},
  Pages                    = {5--8},
  Volume                   = {131},

  Publisher                = {Elsevier}
}

@Article{Xu2014,
  Title                    = {Focused Information Criterion and Model Averaging Based on Weighted Composite Quantile Regression},
  Author                   = {Xu, Ganggang and Wang, Suojin and Huang, Jianhua Z},
  Journal                  = {Scandinavian Journal of Statistics},
  Year                     = {2014},
  Number                   = {2},
  Pages                    = {365--381},
  Volume                   = {41},

  Publisher                = {Wiley Online Library}
}

@Article{Yang2007,
  Title                    = {Prediction/Estimation with Simple Linear Models: Is it Really that Simple?},
  Author                   = {Yang, Y.},
  Journal                  = {Econometric Theory},
  Year                     = {2007},
  Number                   = {1},
  Pages                    = {1--36},
  Volume                   = {23},

  Publisher                = {Cambridge Univ Press}
}

@Article{Yang2005,
  Title                    = {Can the Strengths of AIC and BIC be Shared? A Conflict between Model Indentification and Regression Estimation},
  Author                   = {Yang, Y.},
  Journal                  = {Biometrika},
  Year                     = {2005},
  Number                   = {4},
  Pages                    = {937--950},
  Volume                   = {92},

  Publisher                = {Biometrika Trust}
}

@Article{Yang2004,
  Title                    = {Combining Forecasting Procedures: Some Theoretical Results},
  Author                   = {Yang, Y.},
  Journal                  = {Econometric Theory},
  Year                     = {2004},
  Number                   = {1},
  Pages                    = {176--222},
  Volume                   = {20},

  Publisher                = {Cambridge Univ Press}
}

@Article{Yang2001,
  Title                    = {Adaptive Regression by Mixing},
  Author                   = {Yang, Y.},
  Journal                  = {Journal of the American Statistical Association},
  Year                     = {2001},
  Number                   = {454},
  Pages                    = {574--588},
  Volume                   = {96},

  Publisher                = {ASA}
}

@Article{Yang2000,
  Title                    = {Combining Different Procedures for Adaptive Regression},
  Author                   = {Yang, Yuhong},
  Journal                  = {Journal of Multivariate Analysis},
  Year                     = {2000},
  Number                   = {1},
  Pages                    = {135--161},
  Volume                   = {74},

  Publisher                = {Elsevier}
}

@Article{Yin2016,
  Title                    = {Focused Information Criterion and Model Averaging for Large Panels with a Multifactor Error Structure},
  Author                   = {Yin, Shou-Yung and Liu, Chu-An and Lin, Chang-Ching},
  Journal                  = {{\upshape Working Paper}},
  Year                     = {2016},

}

@Article{Yuan2005,
  Title                    = {Combining Linear Regression Models: When and How?},
  Author                   = {Yuan, Z. and Yang, Y.},
  Journal                  = {Journal of the American Statistical Association},
  Year                     = {2005},
  Pages                    = {1202--1214},
  Volume                   = {100},

  Publisher                = {JSTOR}
}

@Article{Zhang2011,
  Title                    = {Focused Information Criterion and Model Averaging for Generalized Additive Partial Linear Models},
  Author                   = {Zhang, Xinyu and Liang, Hua},
  Journal                  = {The Annals of Statistics},
  Year                     = {2011},
  Number                   = {1},
  Pages                    = {174--200},
  Volume                   = {39},

  Publisher                = {Institute of Mathematical Statistics}
}

@Article{Zhang2012,
  Title                    = {Focused Information Criteria, Model Selection, and Model Averaging in a Tobit Model with a Nonzero Threshold},
  Author                   = {Zhang, Xinyu and Wan, Alan TK and Zhou, Sherry Z},
  Journal                  = {Journal of Business \& Economic Statistics},
  Year                     = {2012},
  Number                   = {1},
  Pages                    = {132--142},
  Volume                   = {30},

  Publisher                = {Taylor \& Francis}
}

@Article{Zhang2013,
  Title                    = {Model Averaging by Jackknife Criterion in Models with Dependent Data},
  Author                   = {Zhang, Xinyu and Wan, Alan TK and Zou, Guohua},
  Journal                  = {Journal of Econometrics},
  Year                     = {2013},
  Pages                    = {82-94},
  Volume                   = {174},

  Publisher                = {Elsevier}
}

@Article{Zhang2014,
  Title                    = {Model Averaging and Weight Choice in Linear Mixed-Effects Models},
  Author                   = {Zhang, Xinyu and Zou, Guohua and Liang, Hua},
  Journal                  = {Biometrika},
  Year                     = {2014},
  Number                   = {1},
  Pages                    = {205--218},
  Volume                   = {101},

  Publisher                = {Biometrika Trust}
}

@Article{Zou2006,
  Title                    = {The Adaptive Lasso and Its Oracle Properties},
  Author                   = {Zou, H.},
  Journal                  = {Journal of the American Statistical Association},
  Year                     = {2006},
  Number                   = {476},
  Pages                    = {1418--1429},
  Volume                   = {101},

  Publisher                = {ASA}
}

@Article{Zou2004,
  Title                    = {Combining Time Series Models for Forecasting},
  Author                   = {Zou, H. and Yang, Y.},
  Journal                  = {International Journal of Forecasting},
  Year                     = {2004},
  Number                   = {1},
  Pages                    = {69--84},
  Volume                   = {20},

  Publisher                = {Elsevier}
}

@comment{jabref-meta: selector_keywords:}

@comment{jabref-meta: selector_journal:}

@comment{jabref-meta: selector_publisher:}

@comment{jabref-meta: selector_author:}

@comment{jabref-meta: selector_review:}
